@inproceedings{ghinflu,
author = {Badashian, Ali Sajedi and Stroulia, Eleni},
title = {Measuring User Influence in GitHub: The Million Follower Fallacy},
booktitle = {Proceedings of the 3rd International Workshop on CrowdSourcing in Software Engineering},
series = {CSI-SE '16},
year = {2016},
isbn = {978-1-4503-4158-5},
location = {Austin, Texas},
pages = {15--21},
numpages = {7},
url = {http://doi.acm.org/10.1145/2897659.2897663},
doi = {10.1145/2897659.2897663},
acmid = {2897663},
publisher = {ACM},
address = {New York, NY, USA},
keywords = {GitHub, mining software repositories, programming languages, social influence, software social networks}
}

@article{tam1,
author = {Szajna, Bernadette},
title = {Empirical Evaluation of the Revised Technology Acceptance Model},
journal = {Management Science},
volume = {42},
number = {1},
pages = {85-92},
year = {1996},
doi = {10.1287/mnsc.42.1.85},
URL = { 
        https://doi.org/10.1287/mnsc.42.1.85
    
},
eprint = { 
        https://doi.org/10.1287/mnsc.42.1.85
    
}
}

@article{tamis,
title = "A meta-analysis of the technology acceptance model",
journal = "Information and Management",
volume = "43",
number = "6",
pages = "740 - 755",
year = "2006",
issn = "0378-7206",
doi = "https://doi.org/10.1016/j.im.2006.05.003",
url = "http://www.sciencedirect.com/science/article/pii/S0378720606000528",
author = "William R. King and Jun He"
}


@inproceedings{ghstud,
  title={Using Github in Software Engineering Course: Analysis of Students' Acceptance of Collaborative Coding Platform},
  author={{\v{C}}i{\v{z}}me{\v{s}}ija, Antonela and Stapi{\'c}, Zlatko and Buba{\v{s}}, Goran},
  booktitle={11th annual International Conference of Education, Research and Innovation},
  year={2018}
}


@INPROCEEDINGS{taagh,
author={A. {Čižmešija} and Z. {Stapić}},
booktitle={2019 42nd International Convention on Information and Communication Technology, Electronics and Microelectronics (MIPRO)},
title={GitHub as backbone in Software Engineering course: Technology acceptance analysis},
year={2019},
volume={},
number={},
pages={742-746},
keywords={computer science education;educational courses;software engineering;software houses;software engineering education;continuous adjustment;real-working environment;software development life-cycle;undergraduate students;learning value;software engineering learning;GitHub useful;software engineering course;technology acceptance analysis;development roles;GitHub;UTAUT;software engineering;technology acceptance},
doi={10.23919/MIPRO.2019.8756728},
ISSN={2623-8764},
month={May}}
@inproceedings{ght,
  author = {Gousios, Georgios},
  title = {The GHTorrent dataset and tool suite},
  booktitle = {Proceedings of the 10th Working Conference on Mining Software
    Repositories},
  series = {MSR '13},
  year = {2013},
  isbn = {978-1-4673-2936-1},
  location = {San Francisco, CA, USA},
  pages = {233--236},
  numpages = {4},
  url = {http://dl.acm.org/citation.cfm?id=2487085.2487132},
  acmid = {2487132},
  publisher = {IEEE Press},
  address = {Piscataway, NJ, USA}
}
@misc{gcp, title={GitHub Activity Data}, url={https://console.cloud.google.com/marketplace/details/github/github-repos?filter=solution-type:dataset&id=46ee22ab-2ca4-4750-81a7-3ee0f0150dcb}, journal={Google Cloud Platform}, publisher={Google}}


@misc{elastic, title={Machine learning anomaly detectionedit}, url={https://www.elastic.co/guide/en/elastic-stack-overview/current/xpack-ml.html}, publisher={Elastic}}
@inproceedings{nandi2016anomaly,
  title={Anomaly detection using program control flow graph mining from execution logs},
  author={Nandi, Animesh and Mandal, Atri and Atreja, Shubham and Dasgupta, Gargi B and Bhattacharya, Subhrajit},
  booktitle={Proceedings of the 22nd ACM SIGKDD International Conference on Knowledge Discovery and Data Mining},
  pages={215--224},
  year={2016},
  organization={ACM}
}
@inproceedings{lss,
  title={A large scale study of programming languages and code quality in github},
  author={Ray, Baishakhi and Posnett, Daryl and Filkov, Vladimir and Devanbu, Premkumar},
  booktitle={Proceedings of the 22nd ACM SIGSOFT International Symposium on Foundations of Software Engineering},
  pages={155--165},
  year={2014},
  organization={ACM}
}
@inproceedings{dcagh,
  title={Data collection and analysis of GitHub repositories and users},
  author={Chatziasimidis, Fragkiskos and Stamelos, Ioannis},
  booktitle={2015 6th International Conference on Information, Intelligence, Systems and Applications (IISA)},
  pages={1--6},
  year={2015},
  organization={IEEE}
}